% ....názov súboru je: literatura.bib
% kniha
@book{Coplien:MPD,
	author = "James O. Coplien",
	title = "Multi-Paradigm Design for C++",
	publisher = "Addison-Wesley",
	year = 1999
}

% článok v časopise
@article{Czarnecki:Staged,
    author = "Krzysztof Czarnecki and Simon Helsen and Ulrich Eisenecker",
    title = "Staged Configuration Through Specialization and Multi-Level Configuration of Feature Models",
    journal = "Software Process: Improvement and Practice",
    volume = 10,
    issue = 2,
    month = apr # "/" # jun,
    year = "2005",
    pages = "143--169",
}

% článok v zborníku
@inproceedings{Czarnecki:Progress,
	author = "Krzysztof Czarnecki and Chang Hwan Peter Kim",
	title = "Cardinality-Based Feature Modeling and Constraints: A Progress Report",
	booktitle = "International Workshop on Software Factories, OOPSLA 2005",
	month = oct,
	year = "2005",
	address = "San Diego, USA",
}

% technická správa (nepublikovaná)
@techreport{Kang:FODA,
	author = "Kyo C. Kang and Sholom G. Cohen and James A. Hess and William E. Novak and A. Spencer Peterson",
	title = "Feature-Oriented Domain Analysis ({FODA}): A Feasibility Study",
	institution = "Software Engineering Institute, Carnegie Mellon University",
	address = "Pittsburgh, USA",
	month = nov,
	year = 1990,
	number = "CMU/SEI-90-TR-21",
}

% zdroj na webe
@misc{PLP-Framework,
	author = "Software Engineering Institute, Carnegie Mellon University",
	title = "A Framework for Software Product Line Practice---Version 5.0",
         howpublished = "\url{http://www.sei.cmu.edu/productlines/frame_report/}",
}
@article{PEDRAZAHUESO2015161,
title = {Rehabilitation Using Kinect-based Games and Virtual Reality},
journal = {Procedia Computer Science},
volume = {75},
pages = {161-168},
year = {2015},
note = {2015 International Conference Virtual and Augmented Reality in Education},
issn = {1877-0509},
doi = {https://doi.org/10.1016/j.procs.2015.12.233},
url = {https://www.sciencedirect.com/science/article/pii/S1877050915036947},
author = {Miguel Pedraza-Hueso and Sergio Martín-Calzón and Francisco Javier Díaz-Pernas and Mario Martínez-Zarzuela},
}

@article{doi:10.1089/109493103322011641,
author = {Walshe, David G. and Lewis, Elizabeth J. and Kim, Sun I. and O'Sullivan, Kathleen and Wiederhold, Brenda K.},
title = {Exploring the Use of Computer Games and Virtual Reality in Exposure Therapy for Fear of Driving Following a Motor Vehicle Accident},
journal = {CyberPsychology \& Behavior},
volume = {6},
number = {3},
pages = {329-334},
year = {2003},
doi = {10.1089/109493103322011641},
    note ={PMID: 12855091},
URL = { 
        https://doi.org/10.1089/109493103322011641
},
eprint = {       https://doi.org/10.1089/109493103322011641   
}

}
@INPROCEEDINGS{8649547,
  author={Rajan, Amala V. and Nassiri, Nasser and Akre, Vishwesh and Ravikumar, Rejitha and Nabeel, Amal and Buti, Maryam and Salah, Fatima},
  booktitle={2018 Fifth HCT Information Technology Trends (ITT)}, 
  title={Virtual Reality Gaming Addiction}, 
  year={2018},
  volume={},
  number={},
  pages={358-363},
  doi={10.1109/CTIT.2018.8649547}}
